@INPROCEEDINGS{8748678,
  author={A. {Moravejosharieh} and K. {Ahmadi} and S. {Ahmad}},
  booktitle={2018 International Conference on Advances in Computing, Communication Control and Networking (ICACCCN)}, 
  title={A Fuzzy Logic Approach To Increase Quality of Service in Software Defined Networking}, 
  year={2018},
  volume={},
  number={},
  pages={68-73},
  doi={10.1109/ICACCCN.2018.8748678}}
  
  