@article{SundaraNarendran+2023+129+141,
url = {https://doi.org/10.9785/cri-2023-240502},
title = {The Digital Personal Data Protection Act, 2023: analysing Indiaâ€™s dynamic approach to data protection},
title = {},
author = {Karishma Sundara and Nikhil Narendran},
pages = {129--141},
volume = {24},
number = {5},
journal = {Computer Law Review International},
doi = {doi:10.9785/cri-2023-240502},
year = {2023},
lastchecked = {2024-09-21}
}
